% Abbreviations for BibTeX files:
@ARTICLE{balakumar, 
author={Balakumar, B. and Shahbazpanahi, S. and Kirubarajan, T.}, 
journal={Signal Processing, IEEE Transactions on}, 
title={Joint MIMO Channel Tracking and Symbol Decoding Using Kalman Filtering}, 
year={2007}, 
month={Dec}, 
volume={55}, 
number={12}, 
pages={5873-5879}, 
keywords={Kalman filters;MIMO communication;block codes;channel coding;channel estimation;decoding;iterative methods;orthogonal codes;radio tracking;space-time codes;Kalman filtering;channel equalization;channel estimation;decision-directed iterative method;differential receiver;joint MIMO channel tracking;multiple-input multiple-output communication;orthogonal space-time block code;symbol decoding;symbol error rate performance;Channel tracking;Kalman filtering;decision-directed channel equalization;multiple-input multiple-output (MIMO) communications;spaceâ€“time coding;space-time coding}, 
doi={10.1109/TSP.2007.901663}, 
ISSN={1053-587X},}

@ARTICLE{komninakis, 
author={Komninakis, C. and Fragouli, C. and Sayed, A.H. and Wesel, R.D.}, 
journal={Signal Processing, IEEE Transactions on}, 
title={Multi-input multi-output fading channel tracking and equalization using Kalman estimation}, 
year={2002}, 
month={May}, 
volume={50}, 
number={5}, 
pages={1065-1076}, 
keywords={MIMO systems;adaptive equalisers;autoregressive processes;cochannel interference;decision feedback equalisers;delays;fading channels;intersymbol interference;multiuser channels;prediction theory;radio tracking;receiving antennas;time-varying channels;tracking filters;transmitting antennas;CCI;Kalman estimation;Kalman filter;MIMO channel variation;MIMO fading channel tracking;adaptive algorithms;adaptive systems;channel equalization;channel estimates;channel prediction module;co-channel interference;coordinated transmission;data rate;decision-feedback equalizer;delay;finite-length MMSE-DFE;hard decisions;intersymbol interference;low-order autoregressive model;minimum-mean-squared-error;multi-input multi-output frequency-selective channels;multiuser fading ISI channels;noise;synchronous multiuser detection;time-varying channels;transmitter/receiver antennas;transmitters;Decision feedback equalizers;Delay;Fading;Frequency;Interchannel interference;Intersymbol interference;Kalman filters;MIMO;Radiofrequency interference;Transmitters}, 
doi={10.1109/78.995063}, 
ISSN={1053-587X},}

@ARTICLE{stbckalman, 
author={Liu, Zhiqiang and Ma, Xiaoli and Giannakis, G.B.}, 
journal={Communications, IEEE Transactions on}, 
title={Space-time coding and Kalman filtering for time-selective fading channels}, 
year={2002}, 
month={Feb}, 
volume={50}, 
number={2}, 
pages={183-186}, 
keywords={Doppler shift;Kalman filters;autoregressive processes;decoding;diversity reception;encoding;fading channels;filtering theory;random processes;tracking filters;AR processes;Doppler shifts;Kalman filtering;carrier frequency offsets;channel tracking;computer simulations;decoding;diversity gains;joint iterative channel tracking;random processes;space-time coded transmissions;space-time coding;symbol recovery;time-selective fading channels;training symbols;Computer simulation;Decoding;Diversity methods;Doppler shift;Fading;Filtering;Frequency;Kalman filters;Random processes;Robustness}, 
doi={10.1109/26.983312}, 
ISSN={0090-6778},}
@INPROCEEDINGS{mimoofdmlinear,
author={Gifford, S. and Bergstrom, C. and Chuprun, S.}, 
booktitle={Military Communications Conference, 2005. MILCOM 2005. IEEE}, 
title={Adaptive and linear prediction channel tracking algorithms for mobile OFDM-MIMO applications}, 
year={2005}, 
month={Oct}, 
pages={1298-1302 Vol. 2}, 
keywords={Kalman filters;MIMO systems;OFDM modulation;Rayleigh channels;channel estimation;least mean squares methods;mobile communication;time-varying channels;Kalman filter;MIMO applications;OFDM;Rayleigh fading;V-BLAST;Vertical Bell Laboratories Layered Space-Time;adaptive channel tracking algorithms;adaptive decision-feedback LMS;channel estimation;channel state information;frequency-varying channel;geometric wide-band time-varying channel model;linear prediction channel tracking algorithms;mobile communication;multiple-input multiple-output communication;orthogonal frequency division multiplexing;time-varying channel;Channel estimation;Channel state information;Computer architecture;Least squares approximation;MIMO;Mobile communication;OFDM;Prediction algorithms;Resonance light scattering;Solid modeling}, 
doi={10.1109/MILCOM.2005.1605857},}
@ARTICLE{alamouti, 
author={Alamouti, S.}, 
journal={Selected Areas in Communications, IEEE Journal on}, 
title={A simple transmit diversity technique for wireless communications}, 
year={1998}, 
month={Oct}, 
volume={16}, 
number={8}, 
pages={1451-1458}, 
keywords={antenna arrays;cellular radio;computational complexity;diversity reception;receiving antennas;transmitting antennas;cellular communications;computation complexity;diversity order;maximal-ratio receiver combining;receive antenna;transmit antennas;two-branch transmit diversity;wireless communications;AWGN;Bandwidth;Base stations;Bit error rate;Diversity reception;Fading;Receiving antennas;Transmitters;Transmitting antennas;Wireless communication}, 
doi={10.1109/49.730453}, 
ISSN={0733-8716},}
@ARTICLE{stbc, 
author={Tarokh, Vahid and Jafarkhani, Hamid and Calderbank, A.R.}, 
journal={Information Theory, IEEE Transactions on}, 
title={Space-time block codes from orthogonal designs}, 
year={1999}, 
month={Jul}, 
volume={45}, 
number={5}, 
pages={1456-1467}, 
keywords={Rayleigh channels;Rician channels;block codes;channel coding;diversity reception;maximum likelihood decoding;multipath channels;phase shift keying;pulse amplitude modulation;quadrature amplitude modulation;receiving antennas;transmitting antennas;PAM;PSK;QAM;Rayleigh fading channels;Rician environment;complex constellations;decoding delay;linear processing;linear superposition;maximum diversity order;maximum transmission rate;maximum-likelihood decoding algorithm;multipath wireless environment;multiple transmit antennas;noise;orthogonal designs;orthogonal structure;real constellations;received signal;receiver;receiving antennas;space-time block codes;transmitted signals;Algorithm design and analysis;Block codes;Delay;Fading;Maximum likelihood decoding;Maximum likelihood detection;Phase shift keying;Quadrature amplitude modulation;Receiving antennas;Transmitting antennas}, 
doi={10.1109/18.771146}, 
ISSN={0018-9448},}
@ARTICLE{36211,
author={},
title={3GPP TS 36.211: Physical Channels and Modulation}
}
@ARTICLE{bello, 
author={Bello, P.}, 
journal={Communications Systems, IEEE Transactions on}, 
title={Characterization of Randomly Time-Variant Linear Channels}, 
year={1963}, 
month={December}, 
volume={11}, 
number={4}, 
pages={360-393}, 
keywords={Bandwidth;Delay;Fourier transforms;Nonlinear filters;Radar;Sampling methods;Scattering;Subcontracting;Time frequency analysis;Time varying systems}, 
doi={10.1109/TCOM.1963.1088793}, 
ISSN={0096-1965},}

@ARTICLE{finitemmsedfe, 
author={Al-Dhahir, N. and Sayed, A.H.}, 
journal={Signal Processing, IEEE Transactions on}, 
title={The finite-length multi-input multi-output MMSE-DFE}, 
year={2000}, 
month={Oct}, 
volume={48}, 
number={10}, 
pages={2921-2936}, 
keywords={MIMO systems;antenna arrays;cellular radio;decision feedback equalisers;dispersive channels;diversity reception;least mean squares methods;multiuser channels;parallel algorithms;radiofrequency interference;receiving antennas;signal detection;time division multiple access;transmitting antennas;TDMA digital cellular systems;base station antenna array;decision feedback equalizer;dispersive channels;diversity performance;equalizer taps;fast algorithm;finite-length MIMO MMSE-DFE;intersymbol interference;interuser interference;minimum-mean-square error;multi-input multi-output MMSE-DFE;multi-user detection;noisy channels;parallelizable algorithm;performance analysis;receive diversity system;transmit diversity system;transmit/receive antennas;Base stations;Crosstalk;Dispersion;Finite impulse response filter;Intersymbol interference;MIMO;Multiuser detection;Receiving antennas;Signal processing;Transmitting antennas}, 
doi={10.1109/78.869048}, 
ISSN={1053-587X},}
@book{linearestimation,
  title={Linear estimation},
  author={Kailath, T. and Sayed, A.H. and Hassibi, B.},
  isbn={9780130224644},
  lccn={99047033},
  series={Prentice-Hall information and system sciences series},
  url={http://books.google.com/books?id=zNJFAQAAIAAJ},
  year={2000},
  publisher={Prentice Hall}
}
@article{taylor1998wireless,
  title={Wireless channel equalisation},
  author={Taylor, Desmond P and Vitetta, Giorgio M and Hart, Brian D and M{\"a}mmel{\"a}, Aarne},
  journal={European Transactions on Telecommunications},
  volume={9},
  number={2},
  pages={117--143},
  year={1998},
  publisher={Wiley Online Library}
}
@article{firstorderchannel,
  title={On verifying the first-order Markovian assumption for a Rayleigh fading channel model},
  author={Wang, Hong Shen and Chang, Pao-Chi},
  journal={Vehicular Technology, IEEE Transactions on},
  volume={45},
  number={2},
  pages={353--357},
  year={1996},
  publisher={IEEE}
}
@ARTICLE{nambipaper, 
author={Tarokh, Vahid and Seshadri, N. and Calderbank, A.R.}, 
journal={Information Theory, IEEE Transactions on}, 
title={Space-time codes for high data rate wireless communication: performance criterion and code construction}, 
year={1998}, 
month={Mar}, 
volume={44}, 
number={2}, 
pages={744-765}, 
keywords={Rayleigh channels;Rician channels;cellular radio;channel capacity;channel coding;computational complexity;data communication;decoding;diversity reception;fading;land mobile radio;matrix algebra;phase shift keying;receiving antennas;transmitting antennas;trellis codes;4 PSK signal sets;8 PSK signal sets;Gaussian channels;Rayleigh channels;Rician channels;cellular standards;channel codes;code construction;code sequences;coding gain;communications reliability;data encoding;diversity gain;encoding/decoding complexity;fading channels;fast fading channels;frequency nonselective fading;high data rate wireless communication;linear superposition;matrices;minimum determinant;minimum rank;multiple transmit antennas;outage capacity;performance criterion;received signal;simulation results;slow fading;space-time codes;state encoders;trellis codes;trellis complexity;Convolutional codes;Decoding;Diversity methods;Fading;Frequency;Gaussian channels;Receiving antennas;Space time codes;Transmitting antennas;Wireless communication}, 
doi={10.1109/18.661517}, 
ISSN={0018-9448},}

