@IEEEtranBSTCTL{bstctl:etal,
  CTLuse_forced_etal = {no},
  CTLmax_names_forced_etal = {3},
}

@IEEEtranBSTCTL{bstctl:nodash,
  CTLdash_repeated_names = {no},
}

@IEEEtranBSTCTL{bstctl:simpurl,
  CTLname_url_prefix = {Available: },
}

@ARTICLE{Suzuki, 
author={T. Suzuki and H. Yamauchi and Y. Yamagami and K. Satomi and H. Akamatsu}, 
journal={IEEE Journal of Solid-State Circuits}, 
title={A Stable 2-Port SRAM Cell Design Against Simultaneously Read/Write-Disturbed Accesses}, 
year={2008}, 
volume={43}, 
number={9}, 
pages={2109-2119}, 
month={Sept}
}

@ARTICLE{EMY91, 
author={K. Endo and T. Matsumura and J. Yamada}, 
journal={IEEE Journal of Solid-State Circuits}, 
title={Pipelined, time-sharing access technique for an integrated multiport memory}, 
year={1991}, 
volume={26}, 
number={4}, 
pages={549-554},
month={Apr},}
f
@ARTICLE{WLCH14, 
author={D. P. Wang and H. J. Lin and C. T. Chuang and W. Hwang}, 
journal={IEEE Transactions on Circuits and Systems II: Express Briefs}, 
title={Low-Power Multiport SRAM With Cross-Point Write Word-Lines, Shared Write Bit-Lines, and Shared Write Row-Access Transistors}, 
year={2014}, 
volume={61}, 
number={3}, 
pages={188-192},
month={March},}

@techreport{RG91,
  title={A Fast Multiport Memory Based on Single-Port Memory Cells},
  author={Rivest, R.~L. and Glasser, L.~A.},
  number = {MIT/LCS/TM-455},
  year={1991},
  institution={Massachusetts Inst. of Tech. Cambridge Lab. for Computer Science}
}

@ARTICLE{Moore08, 
author={S. K. Moore}, 
journal={IEEE Spectrum}, 
title={Multicore is bad news for supercomputers}, 
year={2008}, 
volume={45}, 
number={11}, 
pages={15-15},
month={Nov},}

@misc{MooreMITR,
    title = {{M}oore's Law Is Dead. {N}ow What?},
    author = {T. Simonite},
    howpublished = {\url{https://www.technologyreview.com/s/601441/moores-law-is-dead-now-what/}},
    note = {Online; accessed 31 July 2017} ,
    year=2016,
}

@article{waldrop2016,
  title={The chips are down for {M}oore's law.},
  author={Waldrop, M.~M.},
  journal={Nature},
  volume={530},
  number={7589},
  pages={144--147},
  year={2016}
}

@INPROCEEDINGS{Moore, 
author={G. E. Moore}, 
booktitle={Proceedings of IEEE International Solid-State Circuits Conference (ISSCC)}, 
title={No exponential is forever: but "Forever" can be delayed! [semiconductor industry]}, 
year={2003}, 
pages={20-23},
month={Feb},}

@book{Cover,
 author = {Cover, T.~M. and Thomas, J.~A.},
 title = {Elements of Information Theory (Wiley Series in Telecommunications and Signal Processing)},
 year = {2006},
 isbn = {0471241954},
 publisher = {Wiley-Interscience},
} 

@ARTICLE{MCW14, 
author={A. Mazumdar and V. Chandar and G. W. Wornell}, 
journal={IEEE Journal on Selected Areas in Communications}, 
title={Update-Efficiency and Local Repairability Limits for Capacity Approaching Codes}, 
year={2014}, 
volume={32}, 
number={5}, 
pages={976-988},
month={May},}

@INPROCEEDINGS{Kim2016, 
author={J. Kim and S. H. Pugsley and P. V. Gratz and A. L. N. Reddy and C. Wilkerson and Z. Chishti}, 
booktitle={49th Annual IEEE/ACM International Symposium on Microarchitecture (MICRO)}, 
title={Path confidence based lookahead prefetching}, 
year={2016}, 
pages={1-12},
month={Oct},
}

@INPROCEEDINGS{Kadjo2014, 
author={D. Kadjo and J. Kim and P. Sharma and R. Panda and P. Gratz and D. Jimenez}, 
booktitle={Proceedings of 47th Annual IEEE/ACM International Symposium on Microarchitecture}, 
title={B-Fetch: Branch Prediction Directed Prefetching for Chip-Multiprocessors}, 
year={2014}, 
pages={623-634}, 
ISSN={1072-4451}, 
month={Dec},}

@INPROCEEDINGS{Shevgoor2015, 
author={M. Shevgoor and S. Koladiya and R. Balasubramonian and C. Wilkerson and S. H. Pugsley and Z. Chishti}, 
booktitle={2015 48th Annual IEEE/ACM International Symposium on Microarchitecture (MICRO)}, 
title={Efficiently prefetching complex address patterns}, 
year={2015}, 
pages={141-152}, 
month={Dec},
}

@inproceedings{JL2013,
 author = {Jain, A. and Lin, C.},
 title = {Linearizing Irregular Memory Accesses for Improved Correlated Prefetching},
 booktitle = {Proc. of the 46th Annual IEEE/ACM International Symposium on Microarchitecture},
 year = {2013},
 pages = {247--259},
 numpages = {13},
 publisher = {ACM},
 address = {New York, NY, USA},
}

@INPROCEEDINGS{Burger, 
author={W.-F. Lin and S. K. Reinhardt and D. Burger}, 
booktitle={Proceedings of 7th International Symposium on High-Performance Computer Architecture (HPCA)}, 
title={Reducing {DRAM} latencies with an integrated memory hierarchy design}, 
year={2001}, 
pages={301-312}, 
month={Jan},}

@ARTICLE{Geer, 
author={D. Geer}, 
journal={Computer}, 
title={Chip makers turn to multicore processors}, 
year={2005}, 
volume={38}, 
number={5}, 
pages={11-13}, 
month={May},}

@article{Wulf1995,
 author = {Wulf, W. A. and McKee, S. A.},
 title = {Hitting the Memory Wall: Implications of the Obvious},
 journal = {SIGARCH Comput. Archit. News},
 volume = {23},
 number = {1},
 month = mar,
 year = {1995},
 issn = {0163-5964},
 pages = {20--24},
 publisher = {ACM},
 address = {New York, NY, USA},
} 

@INPROCEEDINGS{ASV10, 
author={N. P. Anthapadmanabhan and E. Soljanin and S. Vishwanath}, 
booktitle={Proc. of 48th Annual Allerton Conference on Communication, Control, and Computing (Allerton)}, 
title={Update-efficient codes for erasure correction}, 
year={2010}, 
pages={376-382},
month={Sept},}

@inproceedings{SAPDVCB13,
  author = {M. Sathiamoorthy and M. Asteris and D. Papailiopoulos and A. G. Dimakis and R. Vadali and S. Chen and D. Borthakur},
  title = {{XORing} Elephants: Novel Erasure Codes for Big Data},
  month = {June},
  year = {2013},
  booktitle = {Proc. of 39th International Conference on Very Large Data Bases (VLDB)}, 
  volume = {6}, 
  number = {5}, 
  pages = {325-336}
}


@article{Rashmi14,
 author = {Rashmi, K.V. and Shah, Nihar B. and Gu, D. and Kuang, H. and Borthakur, D. and Ramchandran, K.},
 title = {A "Hitchhiker's" Guide to Fast and Efficient Data Reconstruction in Erasure-coded Data Centers},
 journal = {SIGCOMM Comput. Commun. Rev.},
 issue_date = {October 2014},
 volume = {44},
 number = {4},
 month = aug,
 year = {2014},
 pages = {331--342},
 numpages = {12}
} 

@inproceedings{Azure,
author = {C. Huang and H. Simitci and Y. Xu and A. Ogus and B. Calder and P. Gopalan and J. Li and S. Yekhanin},
title = {Erasure Coding in Windows Azure Storage},
booktitle = {Proc. of 2012 USENIX Annual Technical Conference (USENIX ATC 12)},
year = {2012},
pages = {15--26},
publisher = {USENIX},
}


@ARTICLE{RPDV16, 
author={A. S. Rawat and D. S. Papailiopoulos and A. G. Dimakis and S. Vishwanath}, 
journal={IEEE Transactions on Information Theory}, 
title={Locality and Availability in Distributed Storage}, 
year={2016}, 
volume={62}, 
number={8}, 
pages={4481-4493}, 
month={Aug},}

@BOOK{MacSlo,
  title = {{T}he Theory of Error-Correcting Codes},
  publisher = {Amsterdam: North-Holland},
  year = {1983},
  author = {F. J. MacWilliams and N. J. A. Sloane}
}

@INPROCEEDINGS{batchcodes,
  author = {Ishai, Y. and Kushilevitz, E. and Ostrovsky, R. and Sahai, A.},
  title = {Batch codes and their applications},
  booktitle = {Proc. of thirty-sixth annual ACM symposium on Theory of
	computing (STOC)},
  year = {2004},
  pages = {262--271},
  acmid = {1007396},
  bdsk-url-1 = {http://doi.acm.org.ezproxy.lib.utexas.edu/10.1145/1007352.1007396},
  bdsk-url-2 = {http://dx.doi.org/10.1145/1007352.1007396},
  doi = {10.1145/1007352.1007396},
  isbn = {1-58113-852-0},
  keywords = {coding, distributed storage, load balancing, locally decodable codes,
	private information retrieval},
  location = {Chicago, IL, USA},
  numpages = {10},
  url = {http://doi.acm.org.ezproxy.lib.utexas.edu/10.1145/1007352.1007396}
}

@ARTICLE{Ramulator, 
author={Y. Kim and W. Yang and O. Mutlu}, 
journal={IEEE Computer Architecture Letters}, 
title={Ramulator: A Fast and Extensible {DRAM} Simulator}, 
year={2016}, 
volume={15}, 
number={1}, 
pages={45-49}, 
month={Jan},}

@article{Wang2017,
 author = {Wang, Z. and Kiah, H.~M. and Cassuto, Y. and Bruck, J.},
 title = {Switch Codes: Codes for Fully Parallel Reconstruction},
 journal = {IEEE Transactions on Information Theory},
 volume = {63},
 number = {4},
 month = apr,
 year = {2017},
 pages = {2061--2075},
 numpages = {15}
} 

@ARTICLE{RSDG16, 
author={A. S. Rawat and Z. Song and A. G. Dimakis and A. Gal}, 
journal={IEEE Transactions on Information Theory}, 
title={Batch Codes Through Dense Graphs Without Short Cycles}, 
year={2016}, 
volume={62}, 
number={4}, 
pages={1592-1604}, 
month={April},}

@ARTICLE{dimakis,
  author = {Dimakis, A.~G. and Godfrey, P. and Wu, Y. and Wainwright, M. and Ramchandran,
	K.},
  title = {Network Coding for Distributed Storage Systems},
  journal = {IEEE Transactions on Information Theory},
  year = {2010},
  volume = {56},
  pages = {4539-4551},
  number = {9},
  month = {Sept} 
}

@ARTICLE{Gopalan12, 
author={P. Gopalan and C. Huang and H. Simitci and S. Yekhanin}, 
journal={IEEE Transactions on Information Theory}, 
title={On the Locality of Codeword Symbols}, 
year={2012}, 
volume={58}, 
number={11}, 
pages={6925-6934},
month={Nov}
}

@ARTICLE{MN16a, 
author={M. A. Maddah-Ali and U. Niesen}, 
journal={IEEE Communications Magazine}, 
title={Coding for caching: fundamental limits and practical challenges}, 
year={2016}, 
volume={54}, 
number={8}, 
pages={23-29}, 
month={Aug}
}

@misc{CCES93,
  title={Virtual multi-port RAM},
  author={Chappell, B.~A. and Chappell, T.~I. and Ebcioglu, M.~K. and Schuster, S.~E.},
  url={https://www.google.com/patents/US5204841},
  year={1993},
  month={Apr},
  day = {20},
  number = {US 5204841},
  type = {Patent},
  nationality = {US},
  yearfiled = {1992},
  monthfiled = {Apr},
  dayfiled = {23},
}

@Patent{ACP88,
  title={High-performance multiple port memory},
  author={Auerbach, D.~J. and Chen, T.~C. and Paul, W.~J.},
  url={https://www.google.com/patents/US4766535},
  year={1988},
  month={Aug},
  day = {23},
  number={US 4766535},
  type = {Patent},
  nationality = {US},
  yearfiled = {1985},
  monthfiled = {Dec},
  dayfiled = {20},
}


@Patent{Memoir_xor,
  author = {S. Iyer and S.-T. Chuang},
  title = {System and method for storing multiple copies of data in a high speed memory system},
 year = {2015},
 month = {Jan},
 day = {13},
 number = {US 8935507 B2},
 type = {Patent},
 nationality = {US},
 yearfiled = {2013},
 monthfiled = {Aug},
 dayfiled = {5},
}

@Patent{Memoir_xor_virtual,
  author = {S. Iyer and S.-T. Chuang},
  title = {System and method for storing data in a virtualized high speed memory system with an integrated memory mapping table},
 year = {2013},
 month = {Aug},
 day = {6},
 number = {US 8504796 B2},
 type = {Patent},
 nationality = {US},
 yearfiled = {2012},
 monthfiled = {Aug},
 dayfiled = {8},
}


@book{lamport94,
    author    = "Leslie Lamport",
    title     = "{\LaTeX: A Document Preparation System}",
    year      = "1994",
    publisher = "Addison-Wesley",
    edition = "2nd",
    address   = "Reading, Massachusetts"
}

% Abbreviations for BibTeX files:
@ARTICLE{balakumar, 
author={Balakumar, B. and Shahbazpanahi, S. and Kirubarajan, T.}, 
journal={Signal Processing, IEEE Transactions on}, 
title={Joint MIMO Channel Tracking and Symbol Decoding Using Kalman Filtering}, 
year={2007}, 
month={Dec}, 
volume={55}, 
number={12}, 
pages={5873-5879}, 
keywords={Kalman filters;MIMO communication;block codes;channel coding;channel estimation;decoding;iterative methods;orthogonal codes;radio tracking;space-time codes;Kalman filtering;channel equalization;channel estimation;decision-directed iterative method;differential receiver;joint MIMO channel tracking;multiple-input multiple-output communication;orthogonal space-time block code;symbol decoding;symbol error rate performance;Channel tracking;Kalman filtering;decision-directed channel equalization;multiple-input multiple-output (MIMO) communications;space–time coding;space-time coding}, 
doi={10.1109/TSP.2007.901663}, 
ISSN={1053-587X},}

@ARTICLE{komninakis, 
author={Komninakis, C. and Fragouli, C. and Sayed, A.H. and Wesel, R.D.}, 
journal={Signal Processing, IEEE Transactions on}, 
title={Multi-input multi-output fading channel tracking and equalization using Kalman estimation}, 
year={2002}, 
month={May}, 
volume={50}, 
number={5}, 
pages={1065-1076}, 
keywords={MIMO systems;adaptive equalisers;autoregressive processes;cochannel interference;decision feedback equalisers;delays;fading channels;intersymbol interference;multiuser channels;prediction theory;radio tracking;receiving antennas;time-varying channels;tracking filters;transmitting antennas;CCI;Kalman estimation;Kalman filter;MIMO channel variation;MIMO fading channel tracking;adaptive algorithms;adaptive systems;channel equalization;channel estimates;channel prediction module;co-channel interference;coordinated transmission;data rate;decision-feedback equalizer;delay;finite-length MMSE-DFE;hard decisions;intersymbol interference;low-order autoregressive model;minimum-mean-squared-error;multi-input multi-output frequency-selective channels;multiuser fading ISI channels;noise;synchronous multiuser detection;time-varying channels;transmitter/receiver antennas;transmitters;Decision feedback equalizers;Delay;Fading;Frequency;Interchannel interference;Intersymbol interference;Kalman filters;MIMO;Radiofrequency interference;Transmitters}, 
doi={10.1109/78.995063}, 
ISSN={1053-587X},}

@ARTICLE{stbckalman, 
author={Liu, Zhiqiang and Ma, Xiaoli and Giannakis, G.B.}, 
journal={Communications, IEEE Transactions on}, 
title={Space-time coding and Kalman filtering for time-selective fading channels}, 
year={2002}, 
month={Feb}, 
volume={50}, 
number={2}, 
pages={183-186}, 
keywords={Doppler shift;Kalman filters;autoregressive processes;decoding;diversity reception;encoding;fading channels;filtering theory;random processes;tracking filters;AR processes;Doppler shifts;Kalman filtering;carrier frequency offsets;channel tracking;computer simulations;decoding;diversity gains;joint iterative channel tracking;random processes;space-time coded transmissions;space-time coding;symbol recovery;time-selective fading channels;training symbols;Computer simulation;Decoding;Diversity methods;Doppler shift;Fading;Filtering;Frequency;Kalman filters;Random processes;Robustness}, 
doi={10.1109/26.983312}, 
ISSN={0090-6778},}
@INPROCEEDINGS{mimoofdmlinear,
author={Gifford, S. and Bergstrom, C. and Chuprun, S.}, 
booktitle={Military Communications Conference, 2005. MILCOM 2005. IEEE}, 
title={Adaptive and linear prediction channel tracking algorithms for mobile OFDM-MIMO applications}, 
year={2005}, 
month={Oct}, 
pages={1298-1302 Vol. 2}, 
keywords={Kalman filters;MIMO systems;OFDM modulation;Rayleigh channels;channel estimation;least mean squares methods;mobile communication;time-varying channels;Kalman filter;MIMO applications;OFDM;Rayleigh fading;V-BLAST;Vertical Bell Laboratories Layered Space-Time;adaptive channel tracking algorithms;adaptive decision-feedback LMS;channel estimation;channel state information;frequency-varying channel;geometric wide-band time-varying channel model;linear prediction channel tracking algorithms;mobile communication;multiple-input multiple-output communication;orthogonal frequency division multiplexing;time-varying channel;Channel estimation;Channel state information;Computer architecture;Least squares approximation;MIMO;Mobile communication;OFDM;Prediction algorithms;Resonance light scattering;Solid modeling}, 
doi={10.1109/MILCOM.2005.1605857},}
@ARTICLE{alamouti, 
author={Alamouti, S.}, 
journal={Selected Areas in Communications, IEEE Journal on}, 
title={A simple transmit diversity technique for wireless communications}, 
year={1998}, 
month={Oct}, 
volume={16}, 
number={8}, 
pages={1451-1458}, 
keywords={antenna arrays;cellular radio;computational complexity;diversity reception;receiving antennas;transmitting antennas;cellular communications;computation complexity;diversity order;maximal-ratio receiver combining;receive antenna;transmit antennas;two-branch transmit diversity;wireless communications;AWGN;Bandwidth;Base stations;Bit error rate;Diversity reception;Fading;Receiving antennas;Transmitters;Transmitting antennas;Wireless communication}, 
doi={10.1109/49.730453}, 
ISSN={0733-8716},}
@ARTICLE{stbc, 
author={Tarokh, Vahid and Jafarkhani, Hamid and Calderbank, A.R.}, 
journal={Information Theory, IEEE Transactions on}, 
title={Space-time block codes from orthogonal designs}, 
year={1999}, 
month={Jul}, 
volume={45}, 
number={5}, 
pages={1456-1467}, 
keywords={Rayleigh channels;Rician channels;block codes;channel coding;diversity reception;maximum likelihood decoding;multipath channels;phase shift keying;pulse amplitude modulation;quadrature amplitude modulation;receiving antennas;transmitting antennas;PAM;PSK;QAM;Rayleigh fading channels;Rician environment;complex constellations;decoding delay;linear processing;linear superposition;maximum diversity order;maximum transmission rate;maximum-likelihood decoding algorithm;multipath wireless environment;multiple transmit antennas;noise;orthogonal designs;orthogonal structure;real constellations;received signal;receiver;receiving antennas;space-time block codes;transmitted signals;Algorithm design and analysis;Block codes;Delay;Fading;Maximum likelihood decoding;Maximum likelihood detection;Phase shift keying;Quadrature amplitude modulation;Receiving antennas;Transmitting antennas}, 
doi={10.1109/18.771146}, 
ISSN={0018-9448},}
@ARTICLE{36211,
author={},
title={3GPP TS 36.211: Physical Channels and Modulation}
}
@ARTICLE{bello, 
author={Bello, P.}, 
journal={Communications Systems, IEEE Transactions on}, 
title={Characterization of Randomly Time-Variant Linear Channels}, 
year={1963}, 
month={December}, 
volume={11}, 
number={4}, 
pages={360-393}, 
keywords={Bandwidth;Delay;Fourier transforms;Nonlinear filters;Radar;Sampling methods;Scattering;Subcontracting;Time frequency analysis;Time varying systems}, 
doi={10.1109/TCOM.1963.1088793}, 
ISSN={0096-1965},}

@ARTICLE{finitemmsedfe, 
author={Al-Dhahir, N. and Sayed, A.H.}, 
journal={Signal Processing, IEEE Transactions on}, 
title={The finite-length multi-input multi-output MMSE-DFE}, 
year={2000}, 
month={Oct}, 
volume={48}, 
number={10}, 
pages={2921-2936}, 
keywords={MIMO systems;antenna arrays;cellular radio;decision feedback equalisers;dispersive channels;diversity reception;least mean squares methods;multiuser channels;parallel algorithms;radiofrequency interference;receiving antennas;signal detection;time division multiple access;transmitting antennas;TDMA digital cellular systems;base station antenna array;decision feedback equalizer;dispersive channels;diversity performance;equalizer taps;fast algorithm;finite-length MIMO MMSE-DFE;intersymbol interference;interuser interference;minimum-mean-square error;multi-input multi-output MMSE-DFE;multi-user detection;noisy channels;parallelizable algorithm;performance analysis;receive diversity system;transmit diversity system;transmit/receive antennas;Base stations;Crosstalk;Dispersion;Finite impulse response filter;Intersymbol interference;MIMO;Multiuser detection;Receiving antennas;Signal processing;Transmitting antennas}, 
doi={10.1109/78.869048}, 
ISSN={1053-587X},}
@book{linearestimation,
  title={Linear estimation},
  author={Kailath, T. and Sayed, A.H. and Hassibi, B.},
  isbn={9780130224644},
  lccn={99047033},
  series={Prentice-Hall information and system sciences series},
  url={http://books.google.com/books?id=zNJFAQAAIAAJ},
  year={2000},
  publisher={Prentice Hall}
}
@article{taylor1998wireless,
  title={Wireless channel equalisation},
  author={Taylor, Desmond P and Vitetta, Giorgio M and Hart, Brian D and M{\"a}mmel{\"a}, Aarne},
  journal={European Transactions on Telecommunications},
  volume={9},
  number={2},
  pages={117--143},
  year={1998},
  publisher={Wiley Online Library}
}
@article{firstorderchannel,
  title={On verifying the first-order Markovian assumption for a Rayleigh fading channel model},
  author={Wang, Hong Shen and Chang, Pao-Chi},
  journal={Vehicular Technology, IEEE Transactions on},
  volume={45},
  number={2},
  pages={353--357},
  year={1996},
  publisher={IEEE}
}
@ARTICLE{nambipaper, 
author={Tarokh, Vahid and Seshadri, N. and Calderbank, A.R.}, 
journal={Information Theory, IEEE Transactions on}, 
title={Space-time codes for high data rate wireless communication: performance criterion and code construction}, 
year={1998}, 
month={Mar}, 
volume={44}, 
number={2}, 
pages={744-765}, 
keywords={Rayleigh channels;Rician channels;cellular radio;channel capacity;channel coding;computational complexity;data communication;decoding;diversity reception;fading;land mobile radio;matrix algebra;phase shift keying;receiving antennas;transmitting antennas;trellis codes;4 PSK signal sets;8 PSK signal sets;Gaussian channels;Rayleigh channels;Rician channels;cellular standards;channel codes;code construction;code sequences;coding gain;communications reliability;data encoding;diversity gain;encoding/decoding complexity;fading channels;fast fading channels;frequency nonselective fading;high data rate wireless communication;linear superposition;matrices;minimum determinant;minimum rank;multiple transmit antennas;outage capacity;performance criterion;received signal;simulation results;slow fading;space-time codes;state encoders;trellis codes;trellis complexity;Convolutional codes;Decoding;Diversity methods;Fading;Frequency;Gaussian channels;Receiving antennas;Space time codes;Transmitting antennas;Wireless communication}, 
doi={10.1109/18.661517}, 
ISSN={0018-9448},}
@article{rawat2012optimal,
  title={Optimal Locally Repairable and Secure Codes for Distributed Storage Systems},
  author={Rawat, Ankit Singh and Koyluoglu, O. Ozan and Silberstein, Natalia and Vishwanath, Sriram},
  journal={Arxiv preprint arXiv:1210.6954},
  year={2012}
}

@inproceedings{bienia09parsec2,
  author = {Christian Bienia and Kai Li},
  title = {PARSEC 2.0: A New Benchmark Suite for Chip-Multiprocessors},
  booktitle = {Proceedings of the 5th Annual Workshop on Modeling, Benchmarking and Simulation},
  year = {2009},
  month = {June}
}

@techreport{parsec_2_1_m5,
  author = {Mark Gebhart and Joel Hestness and Ehsan Fatehi and Paul Gratz and Stephen W. Keckler},
  title = {Running PARSEC 2.1 on M5},
  institution = {The University of Texas at Austin, Department of Computer Science},
  year      = {2009},
  month     = {October}
}

@book{comparchbook,
 author = {Hennessy, John L. and Patterson, David A.},
 title = {Computer Architecture, Fourth Edition: A Quantitative Approach},
 year = {2006},
 isbn = {0123704901},
 publisher = {Morgan Kaufmann Publishers Inc.},
 address = {San Francisco, CA, USA},
} 




